@book{XP,
   author={Kent Beck},
   title={Extreme programming explained: Embrace change},
   publisher={Addison-Wesley},
   year = 2004,
   edition = {2nd Edition}  
}

@article{Codd,
	author={Edgar F. Codd},
   title={A Relational Model of Data for Large Shared Data Banks},
   journal={Communications of the ACM 13},
   year = 1970,
   pages={377,387}
}

@online{Integration-Wiki,
  title = {Data integration},
  url = {http://en.wikipedia.org/wiki/Data_integration},
  urldate = {2015-4-10}
}

@book{Pattern,
   author= "Eric Freeman{,} Bert Bates{,} Kathy Sierra and Elisabeth Robson",
   title={Head First Design Patterns},
   publisher={O'Reilly Media, Inc.},
   year = 2004,
   edition = {1st Edition}  
}

@article{Integration-Theo,
	author={Maurizio Lenzerini},
   title={Data Integration: A Theoretical Perspective},
   journal={PODS 2002},
   year = 2002,
   pages={233,246}
}

@article{Multibase,
	author={John Miles Smith},
   title={Multibase: integrating heterogeneous distributed database systems},
   journal={Proceeding AFIPS '81 Proceedings of the May 4-7, 1981, national computer conference},
   year = 1982,
   pages={487,499}
}
